<record><leader>00000cas a2200000 a 4500</leader><controlfield tag="001">22938761</controlfield><controlfield tag="008">910109d18871959ilucr ne      0    0eng c</controlfield><datafield ind1=" " ind2=" " tag="010"><subfield code="a">sn 90054873 </subfield></datafield><datafield ind1=" " ind2=" " tag="040"><subfield code="a">NVF</subfield><subfield code="b">eng</subfield><subfield code="c">NVF</subfield><subfield code="d">OCLCQ</subfield><subfield code="d">NVF</subfield><subfield code="d">OCLCQ</subfield><subfield code="d">OCLCF</subfield><subfield code="d">OCLCO</subfield></datafield><datafield ind1="1" ind2=" " tag="029"><subfield code="a">AU@</subfield><subfield code="b">000025477201</subfield></datafield><datafield ind1=" " ind2=" " tag="042"><subfield code="a">pcc</subfield></datafield><datafield ind1=" " ind2=" " tag="043"><subfield code="a">n-us-il</subfield></datafield><datafield ind1="0" ind2="4" tag="245"><subfield code="a">The Newton press.</subfield></datafield><datafield ind1=" " ind2=" " tag="260"><subfield code="a">Newton, Ill. :</subfield><subfield code="b">Shup &amp; Stuart,</subfield><subfield code="c">1887-1959.</subfield></datafield><datafield ind1=" " ind2=" " tag="300"><subfield code="a">v.</subfield></datafield><datafield ind1=" " ind2=" " tag="310"><subfield code="a">Semiweekly,</subfield><subfield code="b">June 20, 1899-Dec. 22, 1959</subfield></datafield><datafield ind1=" " ind2=" " tag="321"><subfield code="a">Weekly,</subfield><subfield code="b">Mar. 23, 1887-June 14, 1899</subfield></datafield><datafield ind1="0" ind2=" " tag="362"><subfield code="a">Vol. 22, no. 2 (Mar. 23, 1887)-98th year, no. 69 (Dec. 22, 1959).</subfield></datafield><datafield ind1=" " ind2=" " tag="515"><subfield code="a">Continues the numbering of Newton weekly press (Newton, Ill. : 1865).</subfield></datafield><datafield ind1=" " ind2=" " tag="580"><subfield code="a">Merged with: Mentor-Democrat, to form: Newton press-mentor.</subfield></datafield><datafield ind1=" " ind2="0" tag="651"><subfield code="a">Newton (Ill.)</subfield><subfield code="v">Newspapers.</subfield></datafield><datafield ind1=" " ind2="7" tag="655"><subfield code="a">Newspapers.</subfield><subfield code="2">fast</subfield><subfield code="0">(OCoLC)fst01423814</subfield></datafield><datafield ind1=" " ind2="7" tag="651"><subfield code="a">Illinois</subfield><subfield code="z">Newton.</subfield><subfield code="2">fast</subfield><subfield code="0">(OCoLC)fst01282450</subfield></datafield><datafield ind1=" " ind2=" " tag="752"><subfield code="a">United States</subfield><subfield code="b">Illinois</subfield><subfield code="c">Jasper</subfield><subfield code="d">Newton.</subfield></datafield><datafield ind1="0" ind2="0" tag="780"><subfield code="t">Newton weekly press (Newton, Ill. : 1865)</subfield><subfield code="w">(DLC)sn 85033934</subfield><subfield code="w">(OCoLC)12339511</subfield></datafield><datafield ind1="1" ind2="7" tag="785"><subfield code="t">Mentor-Democrat</subfield><subfield code="w">(DLC)sn 90054875</subfield><subfield code="w">(OCoLC)22938820</subfield></datafield><datafield ind1="1" ind2="7" tag="785"><subfield code="t">Newton press-mentor</subfield><subfield code="w">(DLC)sn 83007701</subfield><subfield code="w">(OCoLC)9458453</subfield></datafield></record>